\usepackage[utf8]{inputenc}

@book{Steiner,
author = "G. Steiner", 
year = 1998,
title = "Planificación estratégica, lo que todo director debe saber",
publisher = "{Editorial CECSA}",
address = "México"}

@book{Torres,
author = "Z. Torres", 
year = 2014,
title = "Administración estratégica",
publisher = "{Editorial Patria}",
address = "México"}

@Misc{Pimentel,
Author = "L. Pimentels",
Title = "Planificación estratégica",
year = 1999}

@book{Drucker,
author = "P. Drucker", 
year = 1954,
title = "The Practice of Management",
publisher = "{Editorial Harper Collins}",
address = "Estados Unidos"}

@book{Chandler,
author = "A. Chandler", 
year = 1962,
title = "Strategy and Structure: Chapters in the History of the American Industrial Enterprise",
publisher = "{Editorial Beard Books}",
address = "Estados Unidos"}